

@Article{Engle_1982,
journal={Econometrica},
author={Engle, Robert F},
title={Autoregressive Conditional Heteroscedasticity with Estimates of the Variance of United Kingdom Inflation},
year={1982},
pages={987-1007},
volume={50},
number={4},
}



@Article{Godfrey_1978,
journal={Econometrica},
author={Godfrey, Leslie G},
title={Testing for Higher Order Serial Correlation in Regression Equations When the Regressors Include Lagged Dependent Variables},
year={1978},
pages={1303-1310},
volume={46},
number={6}
}


@Article{Breusch_1978,
journal={Australian Economic Papers},
author={Breusch, T S},
title={Testing for Autocorrelation in Dynamic Linear Models},
year={1978},
pages={334-355},
volume={17},
number={31}
}



@article{Ramey_2011,
 ISSN = {00335533, 15314650},
 URL = {http://www.jstor.org/stable/23015663},
 author = {Valerie A. Ramey},
 journal = {The Quarterly Journal of Economics},
 number = {1},
 pages = {1--50},
 publisher = {Oxford University Press},
 title = {Identifying government spending shocks: It's all tn the timing},
 urldate = {2023-01-29},
 volume = {126},
 year = {2011}
}


@article{Canova_Cicarelli_2009,
author = {Canova, Fabio and Ciccarelli, Matteo},
title = {Estimating Multi-country VAR models},
journal = {International Economic Review},
volume = {50},
number = {3},
pages = {929-959},
year = {2009}
}

@article{Canova_Cicarelli_2004,
title = {Forecasting and turning point predictions in a Bayesian panel VAR model},
journal = {Journal of Econometrics},
volume = {120},
number = {2},
pages = {327-359},
year = {2004},
author = {Fabio Canova and Matteo Ciccarelli},
}

@incollection{DelNegro_Schorfheide_2010,
    author = {del Negro, Marco},
    isbn = {9780199559084},
    title = "{293 Bayesian Macroeconometrics}",
    booktitle = "{The Oxford Handbook of Bayesian Econometrics}",
    publisher = {Oxford University Press},
    year = {2011},
    month = {09},
}

@TechReport{Canova_Cicarelli_2013,
  author={Canova, Fabio and Ciccarelli, Matteo},
  title={{Panel Vector Autoregressive Models: A Survey}},
  year=2013,
  month=Mar,
  institution={C.E.P.R. Discussion Papers},
  type={CEPR Discussion Papers},
  number={9380},
}

@article{Levchenko_Pandalai-Nayar_2018,
    author = {Levchenko, Andrei A and Pandalai-Nayar, Nitya},
    title = "{Tfp, News, and “Sentiments”: the International Transmission of Business Cycles}",
    journal = {Journal of the European Economic Association},
    volume = {18},
    number = {1},
    pages = {302-341},
    year = {2018},
    month = {11},
}

@TechReport{CesaBianchi_Ferrero_2021,
  author={Cesa-Bianchi, Ambrogio and Ferrero, Andrea},
  title={{The Transmission of Keynesian Supply Shocks}},
  year=2021,
  institution={C.E.P.R. Discussion Papers},
  type={CEPR Discussion Papers},
  url={https://ideas.repec.org/p/cpr/ceprdp/16430.html},
  number={16430},
}

@TechReport{Jarocinski_2021,
  author={Jarocinski, Marek},
  title={{Estimating the Fed’s Unconventional Policy Shocks}},
  year=2021,
  institution={European Central Bank},
  type={Working Paper Series},
  url={https://ideas.repec.org/p/ecb/ecbwps/20210.html},
  number={20210}
}

@article{AntolinDiaz_RubioRamirez_2018,
Author = {Antolín-D\'iaz, Juan and Rubio-Ram\'irez, Juan F.},
Title = {Narrative Sign Restrictions for SVARs},
Journal = {American Economic Review},
Volume = {108},
Number = {10},
Year = {2018},
Pages = {2802-29},
DOI = {10.1257/aer.20161852},
URL = {https://www.aeaweb.org/articles?id=10.1257/aer.20161852}}

@article{Rigobon_2003,
    author = {Rigobon, Roberto},
    title = "{Identification Through Heteroskedasticity}",
    journal = {The Review of Economics and Statistics},
    volume = {85},
    number = {4},
    pages = {777-792},
    year = {2003},
    month = {11},
    doi = {10.1162/003465303772815727},
    url = {https://doi.org/10.1162/003465303772815727},
    eprint = {https://direct.mit.edu/rest/article-pdf/85/4/777/1613607/003465303772815727.pdf},
}

@Article{Litterman_Scheinkman_1991,
  Title                    = {{Common Factors Affecting Bond Returns}},
  Author                   = {Litterman, Robert and Scheinkman, Jose},
  Journal                  = {Journal of Fixed Income},
  Year                     = {1991},
  Number                   = {1},
  Pages                    = {54--61},
  url = {https://www.math.nyu.edu/~avellane/Litterman1991.pdf}
}


@article{LUTKEPOHL20172,
title = {Structural vector autoregressions with heteroskedasticity: A review of different volatility models},
journal = {Econometrics and Statistics},
volume = {1},
pages = {2-18},
year = {2017},
issn = {2452-3062},
doi = {https://doi.org/10.1016/j.ecosta.2016.05.001},
url = {https://www.sciencedirect.com/science/article/pii/S2452306216300223},
author = {Helmut Lütkepohl and Aleksei Netšunajev},
}

@article{LANNE2010121,
title = {Structural vector autoregressions with Markov switching},
journal = {Journal of Economic Dynamics and Control},
volume = {34},
number = {2},
pages = {121-131},
year = {2010},
issn = {0165-1889},
doi = {https://doi.org/10.1016/j.jedc.2009.08.002},
url = {https://www.sciencedirect.com/science/article/pii/S0165188909001481},
author = {Markku Lanne and Helmut L\"utkepohl and Katarzyna Maciejowska},
}

@article{Lanne_Lutkepohl_2008,
author = {Lanne, Markku and L\"utkepohl, Helmut},
title = {Identifying Monetary Policy Shocks via Changes in Volatility},
journal = {Journal of Money, Credit and Banking},
volume = {40},
number = {6},
pages = {1131-1149},
doi = {https://doi.org/10.1111/j.1538-4616.2008.00151.x},
url = {https://onlinelibrary.wiley.com/doi/abs/10.1111/j.1538-4616.2008.00151.x},
year = {2008}
}



@article{NORMANDIN20041217,
title = {Monetary policy shocks:: Testing identification conditions under time-varying conditional volatility},
journal = {Journal of Monetary Economics},
volume = {51},
number = {6},
pages = {1217-1243},
year = {2004},
issn = {0304-3932},
doi = {https://doi.org/10.1016/j.jmoneco.2003.11.002},
url = {https://www.sciencedirect.com/science/article/pii/S0304393204000698},
author = {Michel Normandin and Louis Phaneuf},
}



@article{KUTTNER2001523,
title = {Monetary policy surprises and interest rates: Evidence from the Fed funds futures market},
journal = {Journal of Monetary Economics},
volume = {47},
number = {3},
pages = {523-544},
year = {2001},
issn = {0304-3932},
doi = {https://doi.org/10.1016/S0304-3932(01)00055-1},
url = {https://www.sciencedirect.com/science/article/pii/S0304393201000551},
author = {Kenneth N Kuttner},
}

@article{Stock_Watson_2018,
author = {Stock, James H. and Watson, Mark W.},
title = {Identification and Estimation of Dynamic Causal Effects in Macroeconomics Using External Instruments},
journal = {The Economic Journal},
volume = {128},
number = {610},
pages = {917-948},
doi = {https://doi.org/10.1111/ecoj.12593},
url = {https://onlinelibrary.wiley.com/doi/abs/10.1111/ecoj.12593},
year = {2018}
}

@Article{Romer_Romer_2004,
  author={Christina D. Romer and David H. Romer},
  title={{A New Measure of Monetary Shocks: Derivation and Implications}},
  journal={American Economic Review},
  year=2004,
  volume={94},
  number={4},
  pages={1055-1084},
  url={https://ideas.repec.org/a/aea/aecrev/v94y2004i4p1055-1084.html}
}



@Article{Piazzesi_Swanson_2008,
  author={Piazzesi, Monika and Swanson, Eric T.},
  title={{Futures prices as risk-adjusted forecasts of monetary policy}},
  journal={Journal of Monetary Economics},
  year=2008,
  volume={55},
  number={4},
  pages={677-691},
  url={https://ideas.repec.org/a/eee/moneco/v55y2008i4p677-691.html}
}

@Article{Gurkaynak_et_al_2005,
  author={Refet S G\"urkaynak and Brian Sack and Eric Swanson},
  title={{Do Actions Speak Louder Than Words? The Response of Asset Prices to Monetary Policy Actions and Statements}},
  journal={International Journal of Central Banking},
  year=2005,
  volume={1},
  number={1},
  url={https://ideas.repec.org/a/ijc/ijcjou/y2005q2a2.html}
}

@Article{Cochrane_Piazzesi_2002,
author = "Cochrane, John H and Piazzesi, Monika",
title={{The Fed and Interest Rates - A High-Frequency Identification}},
  journal={American Economic Review},
  year=2002,
  volume={92},
  number={2},
  pages={90-95},
  url={https://ideas.repec.org/a/aea/aecrev/v92y2002i2p90-95.html}
}



@InCollection{Stock_Watson_2016,
  author={Stock, J.H. and Watson, M.W.},
  editor={J. B. Taylor and Harald Uhlig},
  title={{Dynamic Factor Models, Factor-Augmented Vector Autoregressions, and Structural Vector Autoregressions in Macroeconomics}},
  booktitle={{Handbook of Macroeconomics}},
  publisher={Elsevier},
  year=2016,
  month={December},
  volume={2},
  series={Handbook of Macroeconomics},
  chapter={0},
  pages={415-525},
  doi={10.1016/bs.hesmac.2016.04},
  url={https://ideas.repec.org/h/eee/macchp/v2-415.html}
}

@Article{McCracken_Ng_2016,
  author={Michael W. McCracken and Serena Ng},
  title={{FRED-MD: A Monthly Database for Macroeconomic Research}},
  journal={Journal of Business \& Economic Statistics},
  year=2016,
  volume={34},
  number={4},
  pages={574-589},
  doi={10.1080/07350015.2015.108},
  url={https://ideas.repec.org/a/taf/jnlbes/v34y2016i4p574-589.html}
}


@ARTICLE{MacKinnon_White_1985,
title = {Some heteroskedasticity-consistent covariance matrix estimators with improved finite sample properties},
author = {MacKinnon, James and White, Halbert},
year = {1985},
journal = {Journal of Econometrics},
volume = {29},
number = {3},
pages = {305-325},
url = {https://EconPapers.repec.org/RePEc:eee:econom:v:29:y:1985:i:3:p:305-325}
}

@article{Durbin_Watson_1950,
    author = {Durbin, J. and Watson, G. S.},
    title = "{Testing for Serial Correlation in Least Squares Regression. I}",
    journal = {Biometrika},
    volume = {37},
    number = {3-4},
    pages = {409-428},
    year = {1950},
    month = {12},
    issn = {0006-3444},
    doi = {10.1093/biomet/37.3-4.409},
    url = {https://doi.org/10.1093/biomet/37.3-4.409},
    eprint = {https://academic.oup.com/biomet/article-pdf/37/3-4/409/422190/37-3-4-409.pdf},
}



@article{Durbin_Watson_1951,
    author = {Durbin, J. and Watson, G. S.},
    title = "{Testing for Serial Correlation in Least Squares Regression. II}",
    journal = {Biometrika},
    volume = {38},
    number = {1-2},
    pages = {159-178},
    year = {1951},
    month = {06},
    issn = {0006-3444},
    doi = {10.1093/biomet/38.1-2.159},
    url = {https://doi.org/10.1093/biomet/38.1-2.159},
    eprint = {https://academic.oup.com/biomet/article-pdf/38/1-2/159/678895/38-1-2-159.pdf},
}






@article{White_1980,
 ISSN = {00129682, 14680262},
 URL = {http://www.jstor.org/stable/1912934},
 abstract = {This paper presents a parameter covariance matrix estimator which is consistent even when the disturbances of a linear regression model are heteroskedastic. This estimator does not depend on a formal model of the structure of the heteroskedasticity. By comparing the elements of the new estimator to those of the usual covariance estimator, one obtains a direct test for heteroskedasticity, since in the absence of heteroskedasticity, the two estimators will be approximately equal, but will generally diverge otherwise. The test has an appealing least squares interpretation.},
 author = {Halbert White},
 journal = {Econometrica},
 number = {4},
 pages = {817--838},
 publisher = {[Wiley, Econometric Society]},
 title = {A Heteroskedasticity-Consistent Covariance Matrix Estimator and a Direct Test for Heteroskedasticity},
 urldate = {2022-09-09},
 volume = {48},
 year = {1980}
}



@article{Cochrane_Orcutt_1949,
author = { D.   Cochrane  and  G. H.   Orcutt },
title = {Application of Least Squares Regression to Relationships Containing Auto-Correlated Error Terms},
journal = {Journal of the American Statistical Association},
volume = {44},
number = {245},
pages = {32-61},
year  = {1949},
publisher = {Taylor & Francis},
doi = {10.1080/01621459.1949.10483290},
URL = {https://doi.org/10.1080/01621459.1949.10483290}
}


@book{Greene2003Econometric,
  added-at = {2018-06-18T21:23:34.000+0200},
  author = {Greene, William H.},
  biburl = {https://www.bibsonomy.org/bibtex/28ded70f02507563c15bfdd8dd2208e12/pbett},
  citeulike-article-id = {14358797},
  edition = {Fifth},
  file = {Greene_EconometricAnalysis_5thEd_2002.pdf},
  keywords = {textbook statistics economics},
  posted-at = {2017-05-17 18:18:23},
  priority = {2},
  publisher = {Pearson Education},
  timestamp = {2018-06-22T18:36:55.000+0200},
  title = {Econometric Analysis},
  url = {http://pages.stern.nyu.edu/~wgreene/Text/econometricanalysis.htm},
  year = 2003
}

@inbook{stock_yogo_2005, place={Cambridge}, title={Testing for Weak Instruments in Linear IV Regression}, DOI={10.1017/CBO9780511614491.006}, booktitle={Identification and Inference for Econometric Models: Essays in Honor of Thomas Rothenberg}, publisher={Cambridge University Press}, author={Stock, James H. and Yogo, Motohiro}, editor={Andrews, Donald W. K. and Stock, James H.Editors}, year={2005}, pages={80–108}}

@TechReport{Uhlig_2004,
  author={Harald Uhlig},
  title={{What moves GNP?}},
  year=2004,
  month=Aug,
  institution={Econometric Society},
  type={Econometric Society 2004 North American Winter Meetings},
  url={https://ideas.repec.org/p/ecm/nawm04/636.html},
  number={636},
}

@article{DEE20041697,
title = {Are there civic returns to education?},
journal = {Journal of Public Economics},
volume = {88},
number = {9},
pages = {1697-1720},
year = {2004},
issn = {0047-2727},
doi = {https://doi.org/10.1016/j.jpubeco.2003.11.002},
url = {https://www.sciencedirect.com/science/article/pii/S0047272703002068},
author = {Thomas S. Dee}
}

@article{Arias_et_al_2018,
author = {Arias, Jonas E. and Rubio-Ramírez, Juan F. and Waggoner, Daniel F.},
title = {Inference Based on Structural Vector Autoregressions Identified With Sign and Zero Restrictions: Theory and Applications},
journal = {Econometrica},
volume = {86},
number = {2},
pages = {685-720},
doi = {https://doi.org/10.3982/ECTA14468},
url = {https://onlinelibrary.wiley.com/doi/abs/10.3982/ECTA14468},
eprint = {https://onlinelibrary.wiley.com/doi/pdf/10.3982/ECTA14468},
year = {2018}
}


@article{Uhlig_2005,
title = {What are the effects of monetary policy on output? Results from an agnostic identification procedure},
journal = {Journal of Monetary Economics},
volume = {52},
number = {2},
pages = {381-419},
year = {2005},
issn = {0304-3932},
doi = {https://doi.org/10.1016/j.jmoneco.2004.05.007},
url = {https://www.sciencedirect.com/science/article/pii/S0304393205000073},
author = {Harald Uhlig},
}


@book{boxjen76,
  author = {Box, George.E.P. and Jenkins, Gwilym M.},
  biburl = {https://www.bibsonomy.org/bibtex/2abb3f0ef5000289f48e20c8f245034d8/tozammel},
  publisher = {Holden-Day},
  timestamp = {2017-03-17T00:03:06.000+0100},
  title = {Time Series Analysis: Forecasting and Control},
  year = 1976
}

@ARTICLE{Lutkepohl_1990,
title = {Asymptotic Distributions of Impulse Response Functions and Forecast Error Variance Decompositions of Vector Autoregressive Models},
author = {L\"utkepohl, Helmut},
year = {1990},
journal = {The Review of Economics and Statistics},
volume = {72},
number = {1},
pages = {116-25},
url = {https://EconPapers.repec.org/RePEc:tpr:restat:v:72:y:1990:i:1:p:116-25}
}


@book{Hamilton_1994,
  added-at = {2022-08-01T01:40:19.000+0200},
  author = {Hamilton, James Douglas},
  biburl = {https://www.bibsonomy.org/bibtex/2ff606f9fd495b01f97c6557f229b9349/gdmcbain},
  interhash = {e4098f3d89ebcdde3fae301198bd0e38},
  intrahash = {ff606f9fd495b01f97c6557f229b9349},
  keywords = {62-01-statistics-instructional-exposition 62m10-time-series-auto-correlation-regression 62m15-inference-from-stochastic-processes-and-spectral-analysis 62p20-applications-of-statistics-to-economics},
  publisher = {Princeton University Press},
  refid = {1194970663},
  timestamp = {2022-08-01T01:41:08.000+0200},
  title = {Time Series Analysis},
  url = {https://www.worldcat.org/title/time-series-analysis/oclc/1194970663&referer=brief_results},
  year = 1994
}



@ARTICLE{Diebold_Mariano_1995,
title = {Comparing Predictive Accuracy},
author = {Diebold, Francis and Mariano, Roberto},
year = {1995},
journal = {Journal of Business \& Economic Statistics},
volume = {13},
number = {3},
pages = {253-63},
url = {https://EconPapers.repec.org/RePEc:bes:jnlbes:v:13:y:1995:i:3:p:253-63}
}

@Manual{Stargazer,
  title = {stargazer: Well-Formatted Regression and Summary Statistics Tables},
  author = {Marek Hlavac},
  year = {2022},
  note = {R package version 5.2.3},
  organization = {Social Policy Institute},
  address = {Bratislava, Slovakia},
  url = {https://CRAN.R-project.org/package=stargazer},
}

@Article{vars,
  title = {VAR, SVAR and SVEC Models: Implementation Within {R} Package {vars}},
  author = {Bernhard Pfaff},
  journal = {Journal of Statistical Software},
  year = {2008},
  volume = {27},
  number = {4},
  url = {https://www.jstatsoft.org/v27/i04/},
}

@article{BERNANKE198649,
title = {Alternative explanations of the money-income correlation},
journal = {Carnegie-Rochester Conference Series on Public Policy},
volume = {25},
pages = {49-99},
year = {1986},
issn = {0167-2231},
doi = {https://doi.org/10.1016/0167-2231(86)90037-0},
url = {https://www.sciencedirect.com/science/article/pii/0167223186900370},
author = {Ben S. Bernanke}
}

@article{Christiano_Eichenbaum_Evans_1996,
 URL = {http://www.jstor.org/stable/2109845},
 author = {Lawrence J. Christiano and Martin Eichenbaum and Charles Evans},
 journal = {The Review of Economics and Statistics},
 number = {1},
 pages = {16--34},
 publisher = {The MIT Press},
 title = {The Effects of Monetary Policy Shocks: Evidence from the Flow of Funds},
 urldate = {2022-09-03},
 volume = {78},
 year = {1996}
}



@article{Erceg_et_al_2005,
    author = {Erceg, Christopher J. and Guerrieri, Luca and Gust, Christopher},
    title = "{Can Long-Run Restrictions Identify Technology Shocks?}",
    journal = {Journal of the European Economic Association},
    volume = {3},
    number = {6},
    pages = {1237-1278},
    year = {2005},
    month = {12},
    url = {https://doi.org/10.1162/154247605775012860},
    eprint = {https://academic.oup.com/jeea/article-pdf/3/6/1237/10312955/jeea1237.pdf},
}

@article{DEDOLA20051543,
title = {The monetary transmission mechanism: Evidence from the industries of five OECD countries},
journal = {European Economic Review},
volume = {49},
number = {6},
pages = {1543-1569},
year = {2005},
issn = {0014-2921},
url = {https://www.sciencedirect.com/science/article/pii/S0014292103001569},
author = {Luca Dedola and Francesco Lippi},
}

@TechReport{Gerlach_Smets_1995,
  author={Gerlach, Stefan and Smets, Frank},
  title={{The Monetary Transmission Mechanism: Evidence from the G-7 Countries}},
  year=1995,
  institution={C.E.P.R. Discussion Papers},
  type={CEPR Discussion Papers},
  url={https://ideas.repec.org/p/cpr/ceprdp/1219.html},
  number={1219},
}

@inbook{NBERc11177,
 Crossref = "NBERacem06-1",
 title = "Assessing Structural VARs",
 author = "Lawrence J. Christiano and Martin Eichenbaum and Robert Vigfusson",
 BookTitle = "NBER Macroeconomics Annual 2006, Volume 21",
 Publisher = "MIT Press",
 pages = "1-106",
 year = "2007",
 month = "May",
 URL = "http://www.nber.org/chapters/c11177",
}

@book{NBERacem06-1,
 title = "NBER Macroeconomics Annual 2006, Volume 21",
 author = "Daron Acemoglu and Kenneth Rogoff and Michael Woodford",
 institution = "National Bureau of Economic Research",
 type = "Book",
 publisher = "MIT Press",
 year = "2007",
 URL = "https://www.nber.org/books-and-chapters/nber-macroeconomics-annual-2006-volume-21",
}



@article{Gali_1999,
Author = {Gal\'i, Jordi},
Title = {Technology, Employment, and the Business Cycle: Do Technology Shocks Explain Aggregate Fluctuations?},
Journal = {American Economic Review},
Volume = {89},
Number = {1},
Year = {1999},
Month = {March},
Pages = {249-271},
DOI = {10.1257/aer.89.1.249},
URL = {https://www.aeaweb.org/articles?id=10.1257/aer.89.1.249}}


@article{BARSKY2011273,
title = {News shocks and business cycles},
journal = {Journal of Monetary Economics},
volume = {58},
number = {3},
pages = {273-289},
year = {2011},
issn = {0304-3932},
doi = {https://doi.org/10.1016/j.jmoneco.2011.03.001},
url = {https://www.sciencedirect.com/science/article/pii/S0304393211000158},
author = {Robert B. Barsky and Eric R. Sims},
}


@article{Faust_Leeper_1997,
author = {Jon Faust and Eric M. Leeper},
title = {When Do Long-Run Identifying Restrictions Give Reliable Results?},
journal = {Journal of Business \& Economic Statistics},
volume = {15},
number = {3},
pages = {345-353},
year  = {1997},
publisher = {Taylor & Francis},
URL = {https://www.tandfonline.com/doi/abs/10.1080/07350015.1997.10524712},
}

@article{DEGOOIJER2006443,
title = {25 years of time series forecasting},
journal = {International Journal of Forecasting},
volume = {22},
number = {3},
pages = {443-473},
year = {2006},
note = {Twenty five years of forecasting},
issn = {0169-2070},
doi = {https://doi.org/10.1016/j.ijforecast.2006.01.001},
url = {https://www.sciencedirect.com/science/article/pii/S0169207006000021},
author = {Jan G. {De Gooijer} and Rob J. Hyndman}
}

@Manual{VARetp,
  title = {VAR.etp: VAR Modelling: Estimation, Testing, and Prediction},
  author = {Jae. H. Kim},
  year = {2022},
  note = {R package version 1.0},
  url = {https://CRAN.R-project.org/package=VAR.etp},
}

@article{Kilian_1998,
 URL = {http://www.jstor.org/stable/2646633},
 author = {Lutz Kilian},
 journal = {The Review of Economics and Statistics},
 number = {2},
 pages = {218--230},
 publisher = {The MIT Press},
 title = {Small-Sample Confidence Intervals for Impulse Response Functions},
 urldate = {2022-09-03},
 volume = {80},
 year = {1998}
}

@ARTICLE{Fischer_1977,
title = {Long-Term Contracts, Rational Expectations, and the Optimal Money Supply Rule},
author = {Fischer, Stanley},
year = {1977},
journal = {Journal of Political Economy},
volume = {85},
number = {1},
pages = {191-205},
url = {https://EconPapers.repec.org/RePEc:ucp:jpolec:v:85:y:1977:i:1:p:191-205}
}

@TechReport{Danne_2015,
  author={Danne, Christian},
  title={{VARsignR: Estimating VARs using sign restrictions in R}},
  year=2015,
  month=Dec,
  institution={University Library of Munich, Germany},
  type={MPRA Paper},
  url={https://ideas.repec.org/p/pra/mprapa/68429.html},
  number={68429},
}

@Article{Blanchard_Quah_1989,
  author={Blanchard, Olivier Jean and Quah, Danny},
  title={{The Dynamic Effects of Aggregate Demand and Supply Disturbances}},
  journal={American Economic Review},
  year=1989,
  volume={79},
  number={4},
  pages={655-673},
  url={https://ideas.repec.org/a/aea/aecrev/v79y1989i4p655-73.html}
}

@article{RubioRamirez_et_al_2010,
 URL = {http://www.jstor.org/stable/40587642},
 author = {Juan F. Ruibio-Ram\'irez and Daniel F. Waggoner and Tao Zha},
 journal = {The Review of Economic Studies},
 number = {2},
 pages = {665--696},
 publisher = {[Oxford University Press, Review of Economic Studies, Ltd.]},
 title = {Structural Vector Autoregressions: Theory of Identification and Algorithms for Inference},
 urldate = {2022-09-03},
 volume = {77},
 year = {2010}
}



@article{Gali_1992,
 URL = {http://www.jstor.org/stable/2118487},
 author = {Jordi Galí},
 journal = {The Quarterly Journal of Economics},
 number = {2},
 pages = {709--738},
 publisher = {Oxford University Press},
 title = {How Well Does the IS-LM Model Fit Postwar U.S. Data?},
 urldate = {2022-09-03},
 volume = {107},
 year = {1992}
}



@Article{Sims_1986,
  author={Christopher A. Sims},
  title={{Are forecasting models usable for policy analysis?}},
  journal={Quarterly Review},
  year=1986,
  volume={10},
  number={Win},
  pages={2-16},
  month={},
  keywords={Forecasting; Economic policy},
  url={https://ideas.repec.org/a/fip/fedmqr/y1986iwinp2-16nv.10no.1.html}
}

@Article{Marcellino_et_al_2006,
  author={Marcellino, Massimiliano and Stock, James H. and Watson, Mark W.},
  title={{A comparison of direct and iterated multistep AR methods for forecasting macroeconomic time series}},
  journal={Journal of Econometrics},
  year=2006,
  volume={135},
  number={1-2},
  pages={499-526},
  url={https://ideas.repec.org/a/eee/econom/v135y2006i1-2p499-526.html}
}

@Article{Jorda_2005,
  author={\`Oscar Jord\`a},
  title={{Estimation and Inference of Impulse Responses by Local Projections}},
  journal={American Economic Review},
  year=2005,
  volume={95},
  number={1},
  pages={161-182},
  url={https://ideas.repec.org/a/aea/aecrev/v95y2005i1p161-182.html}
}

@article{Bernanke_Boivin_Eliasz_2005,
    author = {Bernanke, Ben S. and Boivin, Jean and Eliasz, Piotr},
    title = "{Measuring the Effects of Monetary Policy: A Factor-Augmented Vector Autoregressive (FAVAR) Approach*}",
    journal = {The Quarterly Journal of Economics},
    volume = {120},
    number = {1},
    pages = {387-422},
    year = {2005},
    month = {02},
    doi = {10.1162/0033553053327452},
    url = {https://doi.org/10.1162/0033553053327452},
}





@article{Granger_1969,
 URL = {http://www.jstor.org/stable/1912791},
 author = {C. W. J. Granger},
 journal = {Econometrica},
 number = {3},
 pages = {424--438},
 publisher = {[Wiley, Econometric Society]},
 title = {Investigating Causal Relations by Econometric Models and Cross-spectral Methods},
 urldate = {2022-09-03},
 volume = {37},
 year = {1969}
}



@article{Sims_1980,
 URL = {http://www.jstor.org/stable/1912017},
 author = {Christopher A. Sims},
 journal = {Econometrica},
 number = {1},
 pages = {1--48},
 publisher = {[Wiley, Econometric Society]},
 title = {Macroeconomics and Reality},
 urldate = {2022-09-03},
 volume = {48},
 year = {1980}
}


@Article{bvartools,
  title = {VAR forecasting using Bayesian variable selection},
  author = {D. Korobilis},
  year = {2013},
  journal = {Journal of Applied Econometrics},
  volume = {28},
  number = {2},
  pages = {204--230},
  doi = {10.1002/jae.1271},
}

@Article{Gourieroux_Monfort_Renne_2020,
  author={Christian Gouri\'eroux and Alain Monfort and Jean-Paul Renne},
  title={{Identification and Estimation in Non-Fundamental Structural VARMA Models}},
  journal={Review of Economic Studies},
  year=2020,
  volume={87},
  number={4},
  pages={1915-1953},
  month={},
  keywords={Structural VARMA; Fundamental Representation; Identification; Structural Shocks; Impulse Response Fu},
  url={https://ideas.repec.org/a/oup/restud/v87y2020i4p1915-1953..html}
}

@book{Hyvarinen_Karhunen_Oja_2001,
	Author = {Hyv\"arinen, A. and Karhunen, J. and Oja, E.},
	Edition = {{Wiley, New York}},
	Title = {{Independent Component Analysis}},
	Year = {2001},
	url={https://onlinelibrary.wiley.com/doi/book/10.1002/0471221317}}


@article{Gourieroux_Monfort_Renne_2017,
title = {Statistical inference for independent component analysis: Application to structural VAR models},
journal = {Journal of Econometrics},
volume = {196},
number = {1},
pages = {111-126},
year = {2017},
issn = {0304-4076},
doi = {https://doi.org/10.1016/j.jeconom.2016.09.007},
url = {https://www.sciencedirect.com/science/article/pii/S0304407616301749},
author = {Christian Gouriéroux and Alain Monfort and Jean-Paul Renne},
}

@Article{Gertler_Karadi_2015,
  author={Mark Gertler and Peter Karadi},
  title={{Monetary Policy Surprises, Credit Costs, and Economic Activity}},
  journal={American Economic Journal: Macroeconomics},
  year=2015,
  volume={7},
  number={1},
  pages={44-76},
  url={https://ideas.repec.org/a/aea/aejmac/v7y2015i1p44-76.html}
}

@TechReport{Ramey_2016_NBER,
  author={Valerie A. Ramey},
  title={{Macroeconomic Shocks and Their Propagation}},
  year=2016,
  month=Feb,
  institution={National Bureau of Economic Research, Inc},
  type={NBER Working Papers},
  url={https://ideas.repec.org/p/nbr/nberwo/21978.html},
  number={21978}
}

@book {Stock_Watson_2003,
	title = {Introduction to Econometrics},
	year = {2003},
	publisher = {Prentice Hall},
	organization = {Prentice Hall},
	address = {New York},
	author = {James Stock and Mark W. Watson}
}


@article{Newey_West_1987,
 ISSN = {00129682, 14680262},
 URL = {http://www.jstor.org/stable/1913610},
 author = {Whitney K. Newey and Kenneth D. West},
 journal = {Econometrica},
 number = {3},
 pages = {703--708},
 publisher = {[Wiley, Econometric Society]},
 title = {A Simple, Positive Semi-Definite, Heteroskedasticity and Autocorrelation Consistent Covariance Matrix},
 urldate = {2022-09-01},
 volume = {55},
 year = {1987}
}



@book{Anderson_1971,
place={New York},
title={The Statistical Analysis of Time Series},
publisher={Wiley},
author={T.W. Anderson},
url={https://onlinelibrary.wiley.com/doi/book/10.1002/9781118186428},
year={1971}}

@article{Duan_et_al_1983,
 URL = {http://www.jstor.org/stable/1391852},
 author = {Naihua Duan and Willard G. Manning and Carl N. Morris and Joseph P. Newhouse},
 journal = {Journal of Business \& Economic Statistics},
 number = {2},
 pages = {115--126},
 publisher = {[American Statistical Association, Taylor & Francis, Ltd.]},
 title = {A Comparison of Alternative Models for the Demand for Medical Care},
 urldate = {2022-08-31},
 volume = {1},
 year = {1983}
}



@article{Mroz_1987,
 ISSN = {00129682, 14680262},
 URL = {http://www.jstor.org/stable/1911029},
 author = {Thomas A. Mroz},
 journal = {Econometrica},
 number = {4},
 pages = {765--799},
 publisher = {[Wiley, Econometric Society]},
 title = {The Sensitivity of an Empirical Model of Married Women's Hours of Work to Economic and Statistical Assumptions},
 urldate = {2022-08-31},
 volume = {55},
 year = {1987}
}


@TECHREPORT{Tobin_1956,
title = {Estimation of Relationships for Limited Dependent Variables},
author = {Tobin, James},
year = {1956},
institution = {Cowles Foundation for Research in Economics, Yale University},
type = {Cowles Foundation Discussion Papers},
number = {3R},
url = {https://EconPapers.repec.org/RePEc:cwl:cwldpp:3r}
}

@ARTICLE{Heiss_2002,
	author = "Heiss, F.",
	title = "Structural choice analysis with nested logit models",
	journal = "Stata Journal",
	publisher = "Stata Press",
	address = "College Station, TX",
	volume = "2",
	number = "3",
	year = "2002",
	pages = "227-252(26)",
	url = "https://www.stata-journal.com/article.html?article=st0017"
}


@ARTICLE{Hensher_Greene_2002,
title = {Specification and estimation of the nested logit model: alternative normalisations},
author = {Hensher, David and Greene, William},
year = {2002},
journal = {Transportation Research Part B: Methodological},
volume = {36},
number = {1},
pages = {1-17},
url = {https://doi.org/10.1016/S0191-2615(00)00035-7}
}



@article{Nakosteen_Zimmer_1980,
 ISSN = {00384038},
 URL = {http://www.jstor.org/stable/1057152},
 author = {Robert A. Nakosteen and Michael Zimmer},
 journal = {Southern Economic Journal},
 number = {3},
 pages = {840--851},
 publisher = {Southern Economic Association},
 title = {Migration and Income: The Question of Self-Selection},
 urldate = {2022-08-29},
 volume = {46},
 year = {1980}
}


@Article{Meyer_Viscusi_Durbin_1995,
  author={Meyer, Bruce D and Viscusi, W Kip and Durbin, David L},
  title={{Workers' Compensation and Injury Duration: Evidence from a Natural Experiment}},
  journal={American Economic Review},
  year=1995,
  volume={85},
  number={3},
  pages={322-340},
  url={https://ideas.repec.org/a/aea/aecrev/v85y1995i3p322-40.html}
}


@article{Roberts_Gelman_Gilks_1997,
 ISSN = {10505164},
 URL = {http://www.jstor.org/stable/2245134},
 author = {G. O. Roberts and A. Gelman and W. R. Gilks},
 journal = {The Annals of Applied Probability},
 number = {1},
 pages = {110--120},
 publisher = {Institute of Mathematical Statistics},
 title = {Weak Convergence and Optimal Scaling of Random Walk Metropolis Algorithms},
 urldate = {2022-08-24},
 volume = {7},
 year = {1997}
}



@Article{Tibshirani_2011,
  author={Robert Tibshirani},
  title={{Regression shrinkage and selection via the lasso: a retrospective}},
  journal={Journal of the Royal Statistical Society Series B},
  year=2011,
  volume={73},
  number={3},
  pages={273-282},
  url={https://ideas.repec.org/a/bla/jorssb/v73y2011i3p273-282.html}
}



@book{Cameron_Trivedi_2005,
place={New York},
title={Microeconometrics: Methods and Applications},
DOI={10.1017/CBO9780511751967},
publisher={Cambridge University Press},
author={A. Colin Cameron and Pravin K. Trivedi},
url={http://cameron.econ.ucdavis.edu/mmabook/mma.html},
year={2005}}



@book{gourieroux_monfort_1995,
place={Cambridge},
series={Themes in Modern Econometrics},
title={Statistics and Econometric Models},
volume={1},
DOI={10.1017/CBO9780511751967},
publisher={Cambridge University Press},
author={Gouri\'eroux, Christian and Monfort, Alain},
year={1995},
collection={Themes in Modern Econometrics}}

@TechReport{Fritsch_et_al_2019,
  author={Fritsch, Markus and Pua, Andrew Adrian Yu and Schnurbus, Joachim},
  title={{Pdynmc - An R-package for estimating linear dynamic panel data models based on linear and nonlinear moment conditions}},
  year=2019,
  institution={University of Passau, Faculty of Business and Economics},
  type={Passauer Diskussionspapiere, Betriebswirtschaftliche Reihe},
  url={https://ideas.repec.org/p/zbw/upadbr/b3919.html},
  number={B-39-19}
}


@Article{Arellano_Bond_1991,
  author={Manuel Arellano and Stephen Bond},
  title={{Some Tests of Specification for Panel Data: Monte Carlo Evidence and an Application to Employment Equations}},
  journal={Review of Economic Studies},
  year=1991,
  volume={58},
  number={2},
  pages={277-297},
  url={https://ideas.repec.org/a/oup/restud/v58y1991i2p277-297..html}
}


@Article{Anderson_Hsiao_1982,
  author={Anderson, T. W. and Hsiao, Cheng},
  title={{Formulation and estimation of dynamic models using panel data}},
  journal={Journal of Econometrics},
  year=1982,
  volume={18},
  number={1},
  pages={47-82},
  url={https://ideas.repec.org/a/eee/econom/v18y1982i1p47-82.html}
}

@book{James2013,
  added-at = {2019-10-12T20:03:56.000+0200},
  author = {James, Gareth and Witten, Daniela and Hastie, Trevor and Tibshirani, Robert},
  biburl = {https://www.bibsonomy.org/bibtex/2444186c86d18bddb4433c12fa126f6be/lopusz_kdd},
  interhash = {b3febabdc45a8629023cee7323dfbd86},
  intrahash = {444186c86d18bddb4433c12fa126f6be},
  keywords = {general_machine_learning},
  publisher = {Springer},
  timestamp = {2019-10-12T23:45:37.000+0200},
  title = {An Introduction to Statistical Learning: with Applications in R },
  url = {https://www.statlearning.com},
  year = 2013
}



@Article{JST_2017,
  author={\`Oscar Jord\`a and Moritz Schularick and Alan M. Taylor},
  title={{Macrofinancial History and the New Business Cycle Facts}},
  journal={NBER Macroeconomics Annual},
  year=2017,
  volume={31},
  number={1},
  pages={213-263},
  url={https://ideas.repec.org/a/ucp/macann/doi10.1086-690241.html}
}

@Book{xie2015,
  title = {Dynamic Documents with {R} and knitr},
  author = {Yihui Xie},
  publisher = {Chapman and Hall/CRC},
  address = {Boca Raton, Florida},
  year = {2015},
  edition = {2nd},
  note = {ISBN 978-1498716963},
  url = {http://yihui.name/knitr/},
}

@article{dungey2009extending,
  title={Extending a SVAR model of the Australian economy},
  author={Dungey, Mardi and Pagan, Adrian},
  journal={Economic Record},
  volume={85},
  number={268},
  pages={1--20},
  year={2009},
  publisher={Wiley Online Library}
}

@article{MACKINNON2022,
title = {Cluster-robust inference: A guide to empirical practice},
journal = {Journal of Econometrics},
year = {2022},
issn = {0304-4076},
doi = {https://doi.org/10.1016/j.jeconom.2022.04.001},
url = {https://www.sciencedirect.com/science/article/pii/S0304407622000781},
author = {James G. MacKinnon and Morten Ørregaard Nielsen and Matthew D. Webb}
}

@article{Cameron_Miller_2014,
title = {A Practitioner’s Guide to Cluster-Robust Inference},
journal = {The Journal of Human Resources},
year = {2014},
volume={50},
number={2},
issn = {317-372},
doi = {https://doi.org/10.3368/jhr.50.2.317},
url = {http://jhr.uwpress.org/content/50/2/317.refs#cited-by},
author = {A. Colin Cameron and Douglas L. Miller}
}

@article{Sargan_1958,
 URL = {http://www.jstor.org/stable/1907619},
 author = {J. D. Sargan},
 journal = {Econometrica},
 number = {3},
 pages = {393--415},
 publisher = {[Wiley, Econometric Society]},
 title = {The Estimation of Economic Relationships using Instrumental Variables},
 volume = {26},
 year = {1958}
}

@article{Hansen_1982,
 URL = {http://www.jstor.org/stable/1912775},
 author = {Lars Peter Hansen},
 journal = {Econometrica},
 number = {4},
 pages = {1029--1054},
 publisher = {[Wiley, Econometric Society]},
 title = {Large Sample Properties of Generalized Method of Moments Estimators},
 urldate = {2022-08-05},
 volume = {50},
 year = {1982}
}

@article{Andrews_Stock_Sun_2019,
author = {Andrews, Isaiah and Stock, James H. and Sun, Liyang},
title = {Weak Instruments in Instrumental Variables Regression: Theory and Practice},
journal = {Annual Review of Economics},
volume = {11},
number = {1},
pages = {727-753},
year = {2019},
doi = {10.1146/annurev-economics-080218-025643},
URL = {https://doi.org/10.1146/annurev-economics-080218-025643}
}

@article{Durbin_1954,
 URL = {http://www.jstor.org/stable/1401917},
 author = {J. Durbin},
 journal = {Revue de l'Institut International de Statistique / Review of the International Statistical Institute},
 number = {1/3},
 pages = {23--32},
 publisher = {[International Statistical Institute (ISI), Wiley]},
 title = {Errors in Variables},
 urldate = {2022-08-05},
 volume = {22},
 year = {1954}
}

@article{Wu_1973,
 URL = {http://www.jstor.org/stable/1914093},
 author = {De-Min Wu},
 journal = {Econometrica},
 number = {4},
 pages = {733--750},
 publisher = {[Wiley, Econometric Society]},
 title = {Alternative Tests of Independence between Stochastic Regressors and Disturbances},
 urldate = {2022-08-05},
 volume = {41},
 year = {1973}
}

@article{Hausman_1978,
 URL = {http://www.jstor.org/stable/1913827},
 author = {J. A. Hausman},
 journal = {Econometrica},
 number = {6},
 pages = {1251--1271},
 publisher = {[Wiley, Econometric Society]},
 title = {Specification Tests in Econometrics},
 urldate = {2022-08-05},
 volume = {46},
 year = {1978}
}

@book{angrist_mostly_2008,
  added-at = {2014-11-20T12:13:56.000+0100},
  URL = {https://www.mostlyharmlesseconometrics.com},
  author = {Angrist, Joshua D. and Pischke, Jörn-Steffen},
  biburl = {https://www.bibsonomy.org/bibtex/2bad3c0e83619dbdc442142ce714e5529/rlipp},
  interhash = {6d41194af2b0685c2adb94316d607d56},
  intrahash = {bad3c0e83619dbdc442142ce714e5529},
  isbn = {0691120358},
  keywords = {imported},
  month = dec,
  publisher = {Princeton University Press},
  shorttitle = {Mostly Harmless Econometrics},
  timestamp = {2014-11-20T12:13:56.000+0100},
  title = {Mostly Harmless Econometrics: An Empiricist's Companion},
  year = 2008
}

@Article{Abadie_Cattaneo_2018,
  author={Alberto Abadie and Matias D. Cattaneo},
  title={{Econometric Methods for Program Evaluation}},
  journal={Annual Review of Economics},
  year=2018,
  volume={10},
  number={1},
  pages={465-503},
  month={August},
  url={https://ideas.repec.org/a/anr/reveco/v10y2018p465-503.html}
}


